<?xml version="1.0" encoding="UTF-8"?><collection xmlns="http://www.loc.gov/MARC21/slim"><record><leader>00532nam--2200193-i-4500</leader><controlfield tag="001">000035963</controlfield><controlfield tag="002">20161230</controlfield><controlfield tag="005">20161230201040</controlfield><controlfield tag="008">060222s1000------------r-----000-0-ger-d</controlfield><datafield ind1=" " ind2=" " tag="040"><subfield code="a">IFIN-HH</subfield></datafield><datafield ind1=" " ind2=" " tag="041"><subfield code="a">ger</subfield></datafield><datafield ind1=" " ind2=" " tag="080"><subfield code="a">621.396.615.14</subfield></datafield><datafield ind1="1" ind2=" " tag="100"><subfield code="a">Gundlach, F.W</subfield></datafield><datafield ind1="1" ind2="0" tag="245"><subfield code="a">Grundlagen der hochstfrequenztechnik</subfield><subfield code="c">F.w. gundlach</subfield></datafield><datafield ind1=" " ind2=" " tag="260"><subfield code="a">Berlin</subfield><subfield code="b">Springer-verlag</subfield><subfield code="c">1950</subfield></datafield><datafield ind1=" " ind2=" " tag="300"><subfield code="a">499P</subfield></datafield><datafield ind1=" " ind2=" " tag="490"><subfield code="a">Technische Physik In Einzeldarstellungen</subfield><subfield code="v">No. 7</subfield></datafield><datafield ind1=" " ind2=" " tag="852"><subfield code="a">35851</subfield><subfield code="c">539.1.07:539.1.08</subfield></datafield><datafield ind1=" " ind2=" " tag="CAT"><subfield code="a">Sys</subfield><subfield code="c">20111024</subfield><subfield code="h">164509</subfield></datafield></record></collection>